<?xml version="1.0" encoding="UTF-8"?><collection xmlns="http://www.loc.gov/MARC21/slim"><record><leader>00390nam--2200133-i-4500</leader><controlfield tag="001">000030485</controlfield><controlfield tag="002">20161230</controlfield><controlfield tag="005">20161230201038</controlfield><controlfield tag="008">060222s1000------------r-----000-0-eng-d</controlfield><datafield ind1=" " ind2=" " tag="080"><subfield code="a">537(076)</subfield></datafield><datafield ind1=" " ind2=" " tag="100"><subfield code="a">Lurie, A.G.Si Zaitev, I.A</subfield></datafield><datafield ind1=" " ind2=" " tag="245"><subfield code="a">Culegere de probleme de electronica. trad.din l.rusa. numai pt.documentare</subfield></datafield><datafield ind1=" " ind2=" " tag="260"><subfield code="a">Bucuresti, Ed.Energetica De Stat, 1953, 318p</subfield></datafield><datafield ind1=" " ind2=" " tag="852"><subfield code="a">26104</subfield></datafield></record></collection>